<record><leader>00000cas a22000007a 4500</leader><controlfield tag="001">17499849</controlfield><controlfield tag="008">880218c19529999laudn ne      0    0eng d</controlfield><datafield ind1=" " ind2=" " tag="010"><subfield code="a">sn 88064139 </subfield></datafield><datafield ind1=" " ind2=" " tag="040"><subfield code="a">LNP</subfield><subfield code="b">eng</subfield><subfield code="c">LNP</subfield><subfield code="d">OCLCQ</subfield><subfield code="d">LNP</subfield><subfield code="d">OCLCQ</subfield></datafield><datafield ind1=" " ind2=" " tag="042"><subfield code="a">msc</subfield></datafield><datafield ind1="0" ind2="4" tag="245"><subfield code="a">The Bastrop daily enterprise.</subfield></datafield><datafield ind1=" " ind2=" " tag="260"><subfield code="a">Bastrop, La. :</subfield><subfield code="b">Nathan Bolton,</subfield><subfield code="c">1952-</subfield></datafield><datafield ind1=" " ind2=" " tag="310"><subfield code="a">Daily (except Sat. and Sun. and holidays),</subfield><subfield code="b">July 8, 2006-</subfield></datafield><datafield ind1=" " ind2=" " tag="321"><subfield code="a">Daily (except Sat. and Mon.),</subfield><subfield code="b">1952-Jan. 18, 1953</subfield></datafield><datafield ind1=" " ind2=" " tag="321"><subfield code="a">Daily (except Sun.),</subfield><subfield code="b">Jan. 20, 1953-Oct. 16, 1953</subfield></datafield><datafield ind1=" " ind2=" " tag="321"><subfield code="a">Daily (except Sat. and Sun.),</subfield><subfield code="b">Oct. 19, 1953-Mar. 29, 1985</subfield></datafield><datafield ind1=" " ind2=" " tag="321"><subfield code="a">Daily (except Sun. and Mon.),</subfield><subfield code="b">Apr. 2, 1985-Feb. 11, 1989</subfield></datafield><datafield ind1=" " ind2=" " tag="321"><subfield code="a">Daily (except Sat. and Sun.),</subfield><subfield code="b">Feb. 13, 1989-July 7, 2006</subfield></datafield><datafield ind1="0" ind2=" " tag="362"><subfield code="a">Vol. 51, no. 17 (Oct. 5, 1952)-</subfield></datafield><datafield ind1=" " ind2="4" tag="651"><subfield code="a">Bastrop (La.)</subfield><subfield code="v">Newspapers.</subfield></datafield><datafield ind1=" " ind2=" " tag="752"><subfield code="a">United States</subfield><subfield code="b">Louisiana</subfield><subfield code="c">Morehouse</subfield><subfield code="d">Bastrop.</subfield></datafield><datafield ind1="0" ind2="0" tag="780"><subfield code="t">Morehouse enterprise (Morehouse, La. : 1930)</subfield><subfield code="w">(DLC)sn 88064138</subfield></datafield><datafield ind1="1" ind2=" " tag="029"><subfield code="a">AU@</subfield><subfield code="b">000025824403</subfield></datafield></record>